@article{schelling1971dynamic,
  title={Dynamic models of segregation},
  author={Schelling, Thomas C},
  journal={Journal of mathematical sociology},
  volume={1},
  number={2},
  pages={143--186},
  year={1971},
  publisher={Taylor \& Francis}
}

@article{pancs2007schelling,
  title={Schelling's spatial proximity model of segregation revisited},
  author={Pancs, Romans and Vriend, Nicolaas J},
  journal={Journal of Public Economics},
  volume={91},
  number={1-2},
  pages={1--24},
  year={2007},
  publisher={Elsevier}
}

@article{park2023generative,
  title={Generative agents: Interactive simulacra of human behavior},
  author={Park, Joon Sung and O'Brien, Joseph C and Cai, Carrie J and Morris, Meredith Ringel and Liang, Percy and Bernstein, Michael S},
  journal={arXiv preprint arXiv:2304.03442},
  year={2023}
}

@article{argyle2023out,
  title={Out of one, many: Using language models to simulate human samples},
  author={Argyle, Lisa P and Busby, Ethan C and Fulda, Nancy and Gubler, Joshua R and Rytting, Christopher and Wingate, David},
  journal={Political Analysis},
  volume={31},
  number={3},
  pages={337--351},
  year={2023},
  publisher={Cambridge University Press}
}

@book{clark1991residential,
  title={Residential preferences and neighborhood racial segregation: A test of the Schelling segregation model},
  author={Clark, William AV},
  year={1991},
  publisher={Demography},
  volume={28},
  number={1},
  pages={1--19}
}

@article{fossett2006ethnic,
  title={Ethnic preferences, social distance dynamics, and residential segregation: Theoretical explorations using simulation analysis},
  author={Fossett, Mark},
  journal={Journal of Mathematical Sociology},
  volume={30},
  number={3-4},
  pages={185--273},
  year={2006},
  publisher={Taylor \& Francis}
}

@article{sampson1988local,
  title={Local friendship ties and community attachment in mass society: A multilevel systemic model},
  author={Sampson, Robert J},
  journal={American Sociological Review},
  volume={53},
  number={5},
  pages={766--779},
  year={1988},
  publisher={JSTOR}
}

@book{massey2001residential,
  title={Residential segregation and neighborhood conditions in US metropolitan areas},
  author={Massey, Douglas S},
  year={2001},
  publisher={National Academy Press Washington, DC},
  booktitle={America becoming: Racial trends and their consequences},
  volume={1},
  pages={391--434}
}

@book{brown2021geography,
  title={The geography of partisan prejudice: A guide to the most and least politically open-minded places in America},
  author={Brown, Jacob R and Enos, Ryan D},
  year={2021},
  publisher={The Atlantic},
  note={Available at: https://www.theatlantic.com/politics/archive/2019/03/us-counties-vary-their-degree-partisan-prejudice/583072/}
}

@article{zhang2004residential,
  title={Residential segregation in an all-integrationist world},
  author={Zhang, Junfu},
  journal={Journal of Economic Behavior \& Organization},
  volume={54},
  number={4},
  pages={533--550},
  year={2004},
  publisher={Elsevier}
}

@article{bruch2006neighborhood,
  title={Neighborhood choice and neighborhood change},
  author={Bruch, Elizabeth E and Mare, Robert D},
  journal={American Journal of Sociology},
  volume={112},
  number={3},
  pages={667--709},
  year={2006},
  publisher={University of Chicago Press}
}

@article{hatna2012schelling,
  title={The Schelling model of ethnic residential dynamics: Beyond the integrated-segregated dichotomy of patterns},
  author={Hatna, Erez and Benenson, Itzhak},
  journal={Journal of Artificial Societies and Social Simulation},
  volume={15},
  number={1},
  pages={6},
  year={2012}
}

@book{reardon2008measures,
  title={Measures of spatial segregation},
  author={Reardon, Sean F and O'Sullivan, David},
  year={2008},
  publisher={Sociological methodology},
  volume={34},
  number={1},
  pages={121--162}
}

@article{laurie2003role,
  title={The role of space in the formation of social ties},
  author={Laurie, Adam J and Jaggi, Narendra K},
  journal={Computational and Mathematical Organization Theory},
  volume={9},
  number={3},
  pages={249--269},
  year={2003},
  publisher={Springer}
}

@article{epstein2006generative,
  title={Generative social science: Studies in agent-based computational modeling},
  author={Epstein, Joshua M},
  year={2006},
  publisher={Princeton University Press}
}

@article{singh2009schelling,
  title={Schelling's segregation model: Parameters, scaling, and aggregation},
  author={Singh, Abhinav and Vainchtein, Dmitri and Weiss, Howard},
  journal={Demographic Research},
  volume={21},
  pages={341--366},
  year={2009}
}

@article{benard2007dynamic,
  title={Dynamic models of residential segregation: An analytical solution},
  author={Benard, Sebastien and Willer, Robb},
  journal={Journal of Mathematical Sociology},
  volume={31},
  number={2},
  pages={155--188},
  year={2007},
  publisher={Taylor \& Francis}
}

@article{vinkovic2006physical,
  title={A physical analogue of the Schelling model},
  author={Vinkovi{\'c}, Dejan and Kirman, Alan},
  journal={Proceedings of the National Academy of Sciences},
  volume={103},
  number={51},
  pages={19261--19265},
  year={2006},
  publisher={National Acad Sciences}
}

@inproceedings{wei2023large,
  title={Large language models as simulated economic agents: What can we learn from homo silicus?},
  author={Wei, John J and others},
  booktitle={Proceedings of the 2023 Conference on Empirical Methods in Natural Language Processing},
  year={2023}
}

@article{bail2024can,
  title={Can AI chatbots pass the fundamentals of social psychology?},
  author={Bail, Christopher},
  journal={SocArXiv},
  year={2024},
  publisher={Center for Open Science}
}

@article{tornberg2023simulating,
  title={Simulating social media using large language models to evaluate alternative news feed algorithms},
  author={T{\"o}rnberg, Petter and Valeeva, Daria and Uitermark, Justus and Bail, Christopher},
  journal={arXiv preprint arXiv:2310.05984},
  year={2023}
}

@article{grossmann2023ai,
  title={AI and the transformation of social science research},
  author={Grossmann, Igor and others},
  journal={Science},
  volume={380},
  number={6650},
  pages={1108--1109},
  year={2023},
  publisher={American Association for the Advancement of Science}
}

@article{ziems2024can,
  title={Can large language models transform computational social science?},
  author={Ziems, Caleb and others},
  journal={Computational Linguistics},
  pages={1--53},
  year={2024},
  publisher={MIT Press}
}