% JEIC Reference List - Author-Year Format with DOIs
% References cited in schelling_llm_paper_springer.tex

@article{vicario2024dynamic,
  title={A dynamic model of wealth segregation},
  author={Vicario, Eugenio},
  journal={Journal of Economic Interaction and Coordination},
  pages={1--27},
  year={2024},
  publisher={Springer}
}
@article{bonakdar2023dissimilarity,
  title={Dissimilarity effects on house prices: what is the value of similar neighbours?},
  author={Bonakdar, Said Benjamin and Roos, Michael},
  journal={Journal of Economic Interaction and Coordination},
  volume={18},
  number={1},
  pages={59--86},
  year={2023},
  publisher={Springer}
}
@article{bargigli2025new,
  title={New insights on economic complexity: exploring heterogeneity, networks, and evolution in economic systems},
  author={Bargigli, Leonardo and Iannucci, Gianluca and Ricchiuti, Giorgio},
  journal={Journal of Economic Interaction and Coordination},
  pages={1--7},
  year={2025},
  publisher={Springer}
}
@article{li2020racial,
  title={Racial residential segregation in multiple neighborhood markets: a dynamic sorting study},
  author={Li, Sheng and Chang, Kuo-Liang and Wang, Lanlan},
  journal={Journal of Economic Interaction and Coordination},
  volume={15},
  number={2},
  pages={363--383},
  year={2020},
  publisher={Springer}
}

@article{Schelling1971,
  author = {Thomas C. Schelling},
  title = {Dynamic models of segregation},
  journal = {Journal of Mathematical Sociology},
  year = {1971},
  volume = {1},
  number = {2},
  pages = {143--186},
  doi = {https://doi.org/10.1080/0022250X.1971.9989794}
}

@article{Park2023,
  author = {Joon Sung Park and Joseph C. O'Brien and Carrie J. Cai and Meredith Ringel Morris and Percy Liang and Michael S. Bernstein},
  title = {Generative agents: Interactive simulacra of human behavior},
  journal = {Proceedings of the 36th Annual ACM Symposium on User Interface Software and Technology},
  year = {2023},
  pages = {1--22},
  doi = {https://doi.org/10.1145/3586183.3606763}
}

@article{Argyle2023,
  author = {Lisa P. Argyle and Ethan C. Busby and Nancy Fulda and Joshua R. Gubler and Christopher Rytting and David Wingate},
  title = {Out of one, many: Using language models to simulate human samples},
  journal = {Political Analysis},
  year = {2023},
  volume = {31},
  number = {3},
  pages = {317--334},
  doi = {https://doi.org/10.1017/pan.2023.2}
}

@article{Horton2023,
  author = {John J. Horton},
  title = {Large language models as simulated economic agents: What can we learn from homo silicus?},
  journal = {NBER Working Paper},
  year = {2023},
  number = {w31122},
  doi = {https://doi.org/10.3386/w31122}
}

@article{Fossett2006,
  author = {Mark Fossett},
  title = {Ethnic preferences, social distance dynamics, and residential segregation: Theoretical explorations using simulation analysis},
  journal = {Journal of Mathematical Sociology},
  year = {2006},
  volume = {30},
  number = {3-4},
  pages = {185--273},
  doi = {https://doi.org/10.1080/00222500590889671}
}

@article{Zhang2004,
  author = {Junfu Zhang},
  title = {A dynamic model of residential segregation},
  journal = {Journal of Mathematical Sociology},
  year = {2004},
  volume = {28},
  number = {3},
  pages = {147--170},
  doi = {https://doi.org/10.1080/00222500490480202}
}

@article{Bruch2006,
  author = {Elizabeth E. Bruch and Robert D. Mare},
  title = {Neighborhood choice and neighborhood change},
  journal = {American Journal of Sociology},
  year = {2006},
  volume = {112},
  number = {3},
  pages = {667--709},
  doi = {https://doi.org/10.1086/507856}
}

@article{Massey1988,
  author = {Douglas S. Massey and Nancy A. Denton},
  title = {The dimensions of residential segregation},
  journal = {Social Forces},
  year = {1988},
  volume = {67},
  number = {2},
  pages = {281--315},
  doi = {https://doi.org/10.1093/sf/67.2.281}
}

@book{Sampson2012,
  author = {Robert J. Sampson},
  title = {Great American City: Chicago and the Enduring Neighborhood Effect},
  publisher = {University of Chicago Press},
  year = {2012},
  address = {Chicago},
  doi = {https://doi.org/10.7208/chicago/9780226733883.001.0001}
}

% Additional references that should be included for comprehensive coverage

@article{Clark1991,
  author = {William A. V. Clark},
  title = {Residential preferences and neighborhood racial segregation: A test of the Schelling segregation model},
  journal = {Demography},
  year = {1991},
  volume = {28},
  number = {1},
  pages = {1--19},
  doi = {https://doi.org/10.2307/2061333}
}

@article{Pancs2007,
  author = {Romans Pancs and Nicolaas J. Vriend},
  title = {Schelling's spatial proximity model of segregation revisited},
  journal = {Journal of Public Economics},
  year = {2007},
  volume = {91},
  number = {1-2},
  pages = {1--24},
  doi = {https://doi.org/10.1016/j.jpubeco.2006.03.008}
}

@article{Grauwin2012,
  author = {Sebastian Grauwin and Eric Bertin and Romain Lemoy and Pablo Jensen},
  title = {Competition between collective and individual dynamics},
  journal = {Proceedings of the National Academy of Sciences},
  year = {2012},
  volume = {109},
  number = {44},
  pages = {17703--17708},
  doi = {https://doi.org/10.1073/pnas.1204802109}
}

@article{Hatna2012,
  author = {Erez Hatna and Itzhak Benenson},
  title = {The Schelling model of ethnic residential dynamics: Beyond the integrated-segregated dichotomy of patterns},
  journal = {Journal of Artificial Societies and Social Simulation},
  year = {2012},
  volume = {15},
  number = {1},
  pages = {6},
  doi = {https://doi.org/10.18564/jasss.1873}
}