@article{vicario2024dynamic,
  title={A dynamic model of wealth segregation},
  author={Vicario, Eugenio},
  journal={Journal of Economic Interaction and Coordination},
  pages={1--27},
  year={2024},
  publisher={Springer}
}
@article{bonakdar2023dissimilarity,
  title={Dissimilarity effects on house prices: what is the value of similar neighbours?},
  author={Bonakdar, Said Benjamin and Roos, Michael},
  journal={Journal of Economic Interaction and Coordination},
  volume={18},
  number={1},
  pages={59--86},
  year={2023},
  publisher={Springer}
}
@article{bargigli2025new,
  title={New insights on economic complexity: exploring heterogeneity, networks, and evolution in economic systems},
  author={Bargigli, Leonardo and Iannucci, Gianluca and Ricchiuti, Giorgio},
  journal={Journal of Economic Interaction and Coordination},
  pages={1--7},
  year={2025},
  publisher={Springer}
}
@article{li2020racial,
  title={Racial residential segregation in multiple neighborhood markets: a dynamic sorting study},
  author={Li, Sheng and Chang, Kuo-Liang and Wang, Lanlan},
  journal={Journal of Economic Interaction and Coordination},
  volume={15},
  number={2},
  pages={363--383},
  year={2020},
  publisher={Springer}
}