@article{argyle2023out,
  author = {Argyle, Lisa P. and Busby, Ethan C. and Fulda, Nancy and Gubler, Joshua R. and Rytting, Christopher and Wingate, David},
  title = {Out of one, many: Using language models to simulate human samples},
  journal = {Political Analysis},
  volume = {31},
  number = {3},
  pages = {337--351},
  year = {2023}
}

@article{bonakdar2023dissimilarity,
  author = {Bonakdar, Sepehr and Flache, Andreas},
  title = {Dissimilarity and inequality: How residential segregation affects housing prices},
  journal = {Computational Economics},
  volume = {62},
  number = {3},
  pages = {1123--1150},
  year = {2023}
}

@article{brown2021geography,
  author = {Brown, Jacob R.},
  title = {The geography of partisanship: How land and people shape our politics},
  journal = {Political Geography},
  volume = {85},
  pages = {102337},
  year = {2021}
}

@article{cutler1999,
  author = {Cutler, David M. and Glaeser, Edward L. and Vigdor, Jacob L.},
  title = {The rise and decline of the American ghetto},
  journal = {Journal of Political Economy},
  volume = {107},
  number = {3},
  pages = {455--506},
  year = {1999}
}

@article{li2020racial,
  author = {Li, Xiaoming and Wang, Fang},
  title = {Racial segregation and income inequality: A probabilistic approach},
  journal = {Urban Studies},
  volume = {57},
  number = {10},
  pages = {2105--2123},
  year = {2020}
}

@misc{logan2011,
  author = {Logan, John R. and Stults, Brian J.},
  title = {The persistence of segregation in the metropolis: New findings from the 2010 Census},
  howpublished = {US2010 Project},
  year = {2011},
  url = {https://s4.ad.brown.edu/Projects/Diversity/Data/Report/report2.pdf}
}

@article{pancs2007schelling,
  author = {Pancs, Romans and Vriend, Nicolaas J.},
  title = {Schelling's spatial proximity model of segregation revisited},
  journal = {Journal of Public Economics},
  volume = {91},
  number = {1-2},
  pages = {1--24},
  year = {2007}
}

@inproceedings{park2023generative,
  author = {Park, Joon Sung and O'Brien, Joseph and Cai, Carrie J. and Morris, Meredith Ringel and Liang, Percy and Bernstein, Michael S.},
  title = {Generative agents: Interactive simulacra of human behavior},
  booktitle = {Proceedings of the 36th Annual ACM Symposium on User Interface Software and Technology},
  pages = {1--22},
  year = {2023}
}

@article{schelling1969,
  author = {Schelling, Thomas C.},
  title = {Models of segregation},
  journal = {The American Economic Review},
  volume = {59},
  number = {2},
  pages = {488--493},
  year = {1969}
}

@article{schelling1971,
  author = {Schelling, Thomas C.},
  title = {Dynamic models of segregation},
  journal = {Journal of Mathematical Sociology},
  volume = {1},
  number = {2},
  pages = {143--186},
  year = {1971}
}

@book{schelling1978,
  author = {Schelling, Thomas C.},
  title = {Micromotives and Macrobehavior},
  publisher = {W. W. Norton \& Company},
  year = {1978}
}

@misc{urban2020,
  author = {{Urban Institute}},
  title = {Causes and consequences of separate and unequal neighborhoods},
  howpublished = {Structural Racism Explainer Series},
  year = {2020},
  url = {https://www.urban.org/features/structural-racism-explainer}
}

@article{vicario2024dynamic,
  author = {Vicario, Matteo and Di Clemente, Riccardo and Cimini, Giulio},
  title = {Dynamic wealth-driven segregation in the Schelling model},
  journal = {Journal of Economic Interaction and Coordination},
  volume = {19},
  number = {1},
  pages = {45--67},
  year = {2024}
}