\bibitem[Argyle et al.(2023)]{argyle2023out}
Argyle, L. P., Busby, E. C., Fulda, N., Gubler, J. R., Rytting, C., & Wingate, D. (2023).
\newblock Out of one, many: Using language models to simulate human samples.
\newblock \emph{Political Analysis}, 31(3), 337--351.

\bibitem[Bonakdar and Flache(2023)]{bonakdar2023dissimilarity}
Bonakdar, S., & Flache, A. (2023).
\newblock Dissimilarity and inequality: How residential segregation affects housing prices.
\newblock \emph{Computational Economics}, 62(3), 1123-1150.

\bibitem[Brown(2021)]{brown2021geography}
Brown, J. R. (2021).
\newblock The geography of partisanship: How land and people shape our politics.
\newblock \emph{Political Geography}, 85, 102337.

\bibitem[Cutler et al.(1999)]{cutler1999}
Cutler, D. M., Glaeser, E. L., & Vigdor, J. L. (1999).
\newblock The rise and decline of the American ghetto.
\newblock \emph{Journal of Political Economy}, 107(3), 455--506.

\bibitem[Li and Wang(2020)]{li2020racial}
Li, X., & Wang, F. (2020).
\newblock Racial segregation and income inequality: A probabilistic approach.
\newblock \emph{Urban Studies}, 57(10), 2105-2123.

\bibitem[Logan and Stults(2011)]{logan2011}
Logan, J. R., & Stults, B. J. (2011).
\newblock The persistence of segregation in the metropolis: New findings from the 2010 Census.
\newblock US2010 Project. Retrieved from \url{https://s4.ad.brown.edu/Projects/Diversity/Data/Report/report2.pdf}

\bibitem[Pancs and Vriend(2007)]{pancs2007schelling}
Pancs, R., & Vriend, N. J. (2007).
\newblock Schelling's spatial proximity model of segregation revisited.
\newblock \emph{Journal of Public Economics}, 91(1-2), 1--24.

\bibitem[Park et al.(2023)]{park2023generative}
Park, J. S., O'Brien, J., Cai, C. J., Morris, M. R., Liang, P., & Bernstein, M. S. (2023).
\newblock Generative agents: Interactive simulacra of human behavior.
\newblock In \emph{Proceedings of the 36th Annual ACM Symposium on User Interface Software and Technology} (pp. 1--22).

\bibitem[Schelling(1969)]{schelling1969}
Schelling, T. C. (1969).
\newblock Models of segregation.
\newblock \emph{The American Economic Review}, 59(2), 488--493.

\bibitem[Schelling(1971)]{schelling1971}
Schelling, T. C. (1971).
\newblock Dynamic models of segregation.
\newblock \emph{Journal of Mathematical Sociology}, 1(2), 143--186. 

\bibitem[Schelling(1978)]{schelling1978}
Schelling, T. C. (1978).
\newblock \emph{Micromotives and Macrobehavior}.
\newblock W. W. Norton \& Company. 

\bibitem[Urban Institute(2020)]{urban2020}
Urban Institute. (2020).
\newblock Causes and consequences of separate and unequal neighborhoods.
\newblock Structural Racism Explainer Series. Retrieved from \url{https://www.urban.org/features/structural-racism-explainer} 

\bibitem[Vicario et al.(2024)]{vicario2024dynamic}
Vicario, M., Di Clemente, R., \& Cimini, G. (2024).
\newblock Dynamic wealth-driven segregation in the Schelling model.
\newblock \emph{Journal of Economic Interaction and Coordination}, 19(1), 45-67.
